Automatically generated by Mendeley Desktop 1.10.3
Any changes to this file will be lost if it is regenerated by Mendeley.

BibTeX export options can be customized via Preferences -> BibTeX in Mendeley Desktop

@incollection{Kapczynski2009,
author = {Kapczyński, Adrian and Sobota, Marcin},
booktitle = {Internet – Technical Development and Applications SE - 29},
doi = {10.1007/978-3-642-05019-0\_29},
editor = {Tkacz, Ewaryst and Kapczynski, Adrian},
file = {:Users/micho/Dropbox/tesis-pdfs/chp\%3A10.1007\%2F978-3-642-05019-0\_29.pdf:pdf},
isbn = {978-3-642-05018-3},
pages = {271--277},
publisher = {Springer Berlin Heidelberg},
series = {Advances in Intelligent and Soft Computing},
title = {{Enhancement of Model of Electronic Voting System}},
url = {http://dx.doi.org/10.1007/978-3-642-05019-0\_29},
volume = {64},
year = {2009}
}
@article{Spycher2012,
author = {Spycher, Oliver and Koenig, Reto and Haenni, Rolf and Schl\"{a}pfer, Michael},
file = {:Users/micho/Dropbox/tesis-pdfs/113-125\_Spycher\_Koenig\_coercion-resistance\_corrected.pdf:pdf},
journal = {Electronic Voting},
pages = {113--125},
title = {{Achieving Meaningful Efficiency in Coercion-Resistant , Verifiable Internet Voting}},
year = {2012}
}
@article{Kucharczyk2010,
author = {Kucharczyk, Marcin},
file = {:Users/micho/Dropbox/tesis-pdfs/chp\%3A10.1007\%2F978-3-642-13861-4\_37.pdf:pdf},
keywords = {electronic voting,system authorization,user anonymity},
pages = {349--358},
title = {{Blind Signatures in Electronic Voting Systems}},
year = {2010}
}
@article{Afzal,
author = {Afzal, Wasif and Torkar, Richard and Feldt, Robert},
file = {:Users/micho/Dropbox/tesis-pdfs/A-systematic-mapping-study-on-non-functional-search-based-software-testing.pdf:pdf},
journal = {20th International Conference on Software Engineering and Knowledge Engineering (SEKE)},
pages = {1--6},
title = {{A Systematic Mapping Study on Non-Functional Search-Based Software Testing}},
year = {2008}
}
@article{Cetinkaya2008,
author = {Cetinkaya, Orhan},
doi = {10.1109/ARES.2008.167},
file = {:Users/micho/Dropbox/tesis-pdfs/sreis08.pdf:pdf},
isbn = {978-0-7695-3102-1},
journal = {2008 Third International Conference on Availability, Reliability and Security},
month = mar,
pages = {1451--1456},
publisher = {Ieee},
title = {{Analysis of Security Requirements for Cryptographic Voting Protocols (Extended Abstract)}},
url = {http://ieeexplore.ieee.org/lpdocs/epic03/wrapper.htm?arnumber=4529515},
year = {2008}
}
@misc{ISO/IEC2001,
author = {ISO/IEC},
title = {{ISO/IEC 9126 Software engineering — Product quality}},
year = {2001}
}
@article{Al-Shammari2012a,
author = {Al-Shammari, Ali Fawzi Najm and Villafiorita, Adolfo and Weldemariam, Komminist},
doi = {10.1109/ARES.2012.42},
file = {:Users/micho/Dropbox/tesis-pdfs/Towards an Open Standard Vote Verification Framework in Electronic Voting Systems.pdf:pdf},
isbn = {978-1-4673-2244-7},
journal = {2012 Seventh International Conference on Availability, Reliability and Security},
keywords = {-e-voting,certification,evaluation and,formal analysis,process models,requirements,security,vote verification},
month = aug,
pages = {437--444},
publisher = {Ieee},
title = {{Towards an Open Standard Vote Verification Framework in Electronic Voting Systems}},
url = {http://ieeexplore.ieee.org/lpdocs/epic03/wrapper.htm?arnumber=6329215},
year = {2012}
}
@article{Cortier2012,
author = {Cortier, V\'{e}ronique and Kremer, Steve and Pereira, Olivier and Ryan, Mark and Smyth, Ben and Warinschi, Bogdan},
file = {:Users/micho/Dropbox/tesis-pdfs/DESCRIPCION-HELIOS.pdf:pdf},
title = {{D4 . 3 Results on a real life case study : Helios 2 . 0}},
year = {2012}
}
@article{Glinz2007,
author = {Glinz, M.},
doi = {10.1109/RE.2007.45},
file = {:Users/micho/Dropbox/tesis-pdfs/On non-functional requirements.pdf:pdf},
isbn = {0-7695-2935-6},
journal = {15th IEEE International Requirements Engineering Conference (RE 2007)},
month = oct,
pages = {21--26},
publisher = {Ieee},
title = {{On Non-Functional Requirements}},
url = {http://ieeexplore.ieee.org/lpdocs/epic03/wrapper.htm?arnumber=4384163},
year = {2007}
}
@article{Schryen2009,
author = {Schryen, Guido},
file = {:Users/micho/Dropbox/tesis-pdfs/chp\%3A10.1007\%2F978-3-642-01256-3\_4.pdf:pdf},
keywords = {election,estonian parliamentary,internet voting,large-scale election,security,security management},
pages = {37--50},
title = {{Practical Security of Large-Scale Elections : An Exploratory Case Study of Internet Voting in Estonia}},
year = {2009}
}
@article{Jan2005,
author = {Jan, J and Fernandez, Eduardo B and France, Robert B and Rumpe, Bernhard and Heitmeyer, Constance},
file = {:Users/micho/Dropbox/tesis-pdfs/Critical-Systems-Development-Using-Modeling-Languages.pdf:pdf},
pages = {76--84},
title = {{Using Modeling Languages ( CSDUML ’ 04 ): Current Developments and Future Challenges ( Report on the Third International Workshop )}},
year = {2005}
}
@incollection{Braunlich2013,
author = {Br\"{a}unlich, Katharina and Grimm, R\"{u}diger},
booktitle = {E-Voting and Identify SE  - 6},
doi = {10.1007/978-3-642-39185-9\_6},
editor = {Heather, James and Schneider, Steve and Teague, Vanessa},
isbn = {978-3-642-39184-2},
keywords = {Bulletin Board,Common Criteria,Electronic Voting,Formal Specification,IT System Evaluation and Certification,Verifiability},
pages = {93--108},
publisher = {Springer Berlin Heidelberg},
series = {Lecture Notes in Computer Science},
title = {{A Formal Model for the Requirement of Verifiability in Electronic Voting by Means of a Bulletin Board}},
url = {http://dx.doi.org/10.1007/978-3-642-39185-9\_6},
volume = {7985},
year = {2013}
}
@book{InternationalInstituteforDemocracyandElectoralAssistance2011,
author = {{International Institute for Democracy and Electoral Assistance}},
file = {:Users/micho/Dropbox/tesis-pdfs/PP\_e-voting.pdf:pdf},
isbn = {9789186565213},
number = {December},
title = {{Introducing Electronic Voting : Essential Considerations}},
year = {2011}
}
@article{Soto2009,
author = {Soto, Mart\'{\i}n and Ciolkowski, Marcus},
file = {:Users/micho/Dropbox/tesis-pdfs/3deec52b18805dbb92.pdf:pdf},
isbn = {9781424448418},
journal = {Third International Symposiumm on Empirical Software Engineering and Measurement},
pages = {498--501},
title = {{The QualOSS Open Source Assessment Model - Measuring the Performance of Open Source Communities}},
year = {2009}
}
@article{Kosmopoulos2004,
author = {Kosmopoulos, Athanassios},
file = {:Users/micho/Dropbox/tesis-pdfs/chp\%3A10.1007\%2F978-3-540-30466-1\_54.pdf:pdf},
pages = {589--600},
title = {{Aspects of Regulatory and Legal Implications on e-Voting}},
year = {2004}
}
@article{Chung2009,
author = {Chung, Lawrence and Cesar, Julio and Leite, Prado},
file = {:Users/micho/Dropbox/tesis-pdfs/ChungdoParadoLeite09.pdf:pdf},
keywords = {alternatives,goal-oriented requirements engineering,nfrs,non-functional requirements,quirements engineering,re-,satisficing,softgoals},
pages = {363--379},
title = {{On Non-Functional Requirements in Software}},
year = {2009}
}
@article{Adida2006,
author = {Adida, Ben},
file = {:Users/micho/Dropbox/tesis-pdfs/rivest-student-adida-phd.pdf:pdf},
title = {{Advances in cryptographic voting systems}},
url = {http://electionmathematics.org/em-voting-systems/rivest-student-adida-phd.pdf},
year = {2006}
}
@incollection{Notations2009,
author = {Volkamer, M},
booktitle = {Evaluation of Electronic Voting},
file = {:Users/micho/Dropbox/tesis-pdfs/chp\%3A10.1007\%2F978-3-642-01662-2\_6.pdf:pdf},
pages = {93--113},
title = {{Requirements for Remote Electronic Voting}},
year = {2009}
}
@article{Krimmer2007,
author = {Krimmer, Robert and Triessnig, Stefan and Volkamer, Melanie},
file = {:Users/micho/Dropbox/tesis-pdfs/krimmer\_triessnig\_volkamer.pdf:pdf},
pages = {1--15},
title = {{The Development of Remote E-Voting Around the World : A Review of Roads and Directions}},
year = {2007}
}
@book{Goodman2012,
author = {Goodman, Susannah and Mulder, Michelle and Smith, Pamela},
file = {:Users/micho/Dropbox/tesis-pdfs/CountingVotes2012.pdf:pdf},
isbn = {2698406852},
title = {{COUNTING VOTES 2012 : A State by State Look at Voting Technology Preparedness}},
year = {2012}
}
@article{Smart2011,
author = {Smart, Matt and Ritter, Eike},
file = {:Users/micho/Dropbox/tesis-pdfs/chp\%3A10.1007\%2F978-3-642-23496-5\_14.pdf:pdf},
pages = {187--202},
title = {{True Trustworthy Elections : Remote Electronic}},
year = {2011}
}
@article{NovotnyMarianInstituteofComputerScience2009,
author = {Novotny, Mari\'{a}n},
file = {:Users/micho/Dropbox/tesis-pdfs/chp\%3A10.1007\%2F978-3-642-03315-5\_13.pdf:pdf},
pages = {170--183},
title = {{Design and Analysis of a Practical E-Voting Protocol}},
year = {2009}
}
@misc{EuropeanCourtofHumanRights2013,
author = {{European Court of Human Rights}},
file = {:Users/micho/Dropbox/tesis-pdfs/Convention\_ENG.pdf:pdf},
publisher = {European Court of Human Rights},
title = {{European Convention on Human Rights}},
url = {http://echr.coe.int/Documents/Convention\_ENG.pdf},
year = {2013}
}
@article{Clarkson2008,
author = {Clarkson, Michael R and Myers, Andrew C},
file = {:Users/micho/Dropbox/tesis-pdfs/DESCRIPCION-CIVITAS.pdf:pdf},
number = {August 2007},
title = {{Civitas : Toward a Secure Voting System Civitas : Toward a Secure Voting System}},
volume = {7875},
year = {2008}
}
@article{Deissenboeck,
author = {Deissenboeck, Florian and Juergens, Elmar and Lochmann, Klaus and Wagner, Stefan and Universit, Technische and Garching, M},
file = {:Users/micho/Dropbox/tesis-pdfs/2009\_deissenb\_wosq.pdf:pdf},
title = {{Software Quality Models : Purposes , Usage Scenarios and Requirements}},
year = {2009}
}
@article{Mylopoulos1992,
author = {Mylopoulos, J and Chung, L and Nixon, B},
doi = {10.1109/32.142871},
file = {:Users/micho/Dropbox/tesis-pdfs/TSE92.pdf:pdf},
issn = {0098-5589},
journal = {Software Engineering, IEEE Transactions on},
keywords = {Cost function,Helium,Maintenance,Power system reliability,Programming,Software engineering,Software measurement,Software quality,Software systems,development process,formal specification,information systems,management information systems,nonfunctional requirements,performance requirements,process-oriented approach,refinement methods},
number = {6},
pages = {483--497},
title = {{Representing and using nonfunctional requirements: a process-oriented approach}},
volume = {18},
year = {1992}
}
@article{Pesado2005,
author = {Pesado, Patricia M and Feierherd, Guillermo E and Pasini, Ariel C},
file = {:Users/micho/Dropbox/tesis-pdfs/jcst-dec05-23.pdf:pdf},
keywords = {electronic,requirement specification,state diagrams,use cases,voting},
number = {4},
pages = {312--319},
title = {{Requirement Specifications for Electronic Voting Systems}},
volume = {5},
year = {2005}
}
@article{Volkamer2010,
address = {Dordrecht},
author = {Volkamer, Melanie},
doi = {10.1007/978-90-481-8865-9},
editor = {Gutwirth, Serge and Poullet, Yves and {De Hert}, Paul},
file = {:Users/micho/Dropbox/tesis-pdfs/chp\%3A10.1007\%2F978-90-481-8865-9\_10.pdf:pdf},
isbn = {978-90-481-8864-2},
publisher = {Springer Netherlands},
title = {{Data Protection in a Profiled World}},
url = {http://link.springer.com/10.1007/978-90-481-8865-9},
year = {2010}
}
@book{Sommerville1998,
author = {Kotonya, G. and Sommerville, I.},
publisher = {John Wiley \& Sons},
title = {{Requirements Engineering: Processes and Techniques}},
year = {1998}
}
@article{Mohammed2010,
author = {Mohammed, Nabil and Munassar, Ali and Govardhan, A},
file = {:Users/micho/Dropbox/tesis-pdfs/7-5-94-101.pdf:pdf},
keywords = {comparison between five models,cycle,development,development models,in the difficulty of,increased recently which results,of software engineering,software,software development life,software management processes},
number = {5},
pages = {94--101},
title = {{A Comparison Between Five Models Of Software Engineering}},
volume = {7},
year = {2010}
}
@incollection{Cochran2013,
author = {Cochran, Dermot and Kiniry, JosephR.},
booktitle = {E-Voting and Identify SE  - 3},
doi = {10.1007/978-3-642-39185-9\_3},
editor = {Heather, James and Schneider, Steve and Teague, Vanessa},
isbn = {978-3-642-39184-2},
pages = {41--60},
publisher = {Springer Berlin Heidelberg},
series = {Lecture Notes in Computer Science},
title = {{Formal Model-Based Validation for Tally Systems}},
url = {http://dx.doi.org/10.1007/978-3-642-39185-9\_3},
volume = {7985},
year = {2013}
}
@article{Xu2011,
author = {Xu, Haiyun and Heijmans, Jeroen and Visser, Joost},
file = {:Users/micho/Downloads/SERE 2013 FT.pdf:pdf},
title = {{A Practical Model For Rating Software Security}},
year = {2011}
}
@article{Bryans2006,
author = {Bryans, J.W. and Littlewood, B. and Ryan, P.Y.a. and Strigini, L.},
doi = {10.1109/ARES.2006.56},
file = {:Users/micho/Dropbox/tesis-pdfs/E-VotingDependabilityRequirements.pdf:pdf},
isbn = {0-7695-2567-9},
journal = {First International Conference on Availability, Reliability and Security (ARES'06)},
pages = {8 pp.--995},
publisher = {Ieee},
title = {{E-voting: dependability requirements and design for dependability}},
url = {http://ieeexplore.ieee.org/lpdocs/epic03/wrapper.htm?arnumber=1625415},
year = {2006}
}
@misc{Weldemariam2009a,
author = {Weldemariam, K and Villafiorita, A and Mattioli, A},
booktitle = {Risks and Security of Internet and Systems (CRiSIS), 2009 Fourth International Conference on},
doi = {10.1109/CRISIS.2009.5411972},
file = {:Users/micho/Dropbox/tesis-pdfs/crisis09-1.pdf:pdf},
isbn = {2151-4763 VO -},
keywords = {Assessment,Data analysis,Data security,E-Democracy,Electronic Voting,Electronic voting,Electronic voting systems,Experiments,Information security,Law,Legal factors,Logistics,Nominations and elections,Security,System performance,e-voting machines,electronic voting system,government data processing,politics,security-critical factors,sociological data,technical data},
pages = {105--112},
title = {{Experiments and data analysis of electronic voting system}},
year = {2009}
}
@article{Petersen2007,
author = {Petersen, Kai and Feldt, Robert and Mujtaba, Shahid and Mattsson, Michael},
file = {:Users/micho/Dropbox/tesis-pdfs/petersen\_ease08\_sysmap\_studies\_in\_se.pdf:pdf},
keywords = {evidence based software engineering,systematic mapping studies,systematic reviews},
pages = {1--10},
title = {{Systematic Mapping Studies in Software Engineering}},
year = {2007}
}
@article{Scacchi2001,
author = {Scacchi, Walt},
file = {:Users/micho/Dropbox/tesis-pdfs/Process-Models-SE-Encyc.pdf:pdf},
number = {May},
pages = {1--24},
title = {{Process Models in Software Engineering}},
year = {2001}
}
@article{IEEEComputerSociety2013,
author = {{IEEE Computer Society}},
file = {:Users/micho/Dropbox/tesis-pdfs/SWEBOKV3.pdf:pdf},
title = {{Guide to the Software Engineering Body of Knowledge - SWEBOK 3.0}},
year = {2013}
}
@inproceedings{Moran:2006:RUV:2165316.2165338,
address = {Berlin, Heidelberg},
author = {Moran, Tal and Naor, Moni},
booktitle = {Proceedings of the 26th Annual International Conference on Advances in Cryptology},
doi = {10.1007/11818175\_22},
file = {:Users/micho/Dropbox/tesis-pdfs/bok\%3A978-3-540-37433-6.pdf:pdf},
isbn = {3-540-37432-9, 978-3-540-37432-9},
keywords = {formal proof,receipt-free,universally composable,voting human protocol},
pages = {373--392},
publisher = {Springer-Verlag},
series = {CRYPTO'06},
title = {{Receipt-free Universally-verifiable Voting with Everlasting Privacy}},
url = {http://dx.doi.org/10.1007/11818175\_22},
year = {2006}
}
@misc{CouncilofEurope-VeniceCommission2002,
author = {{Council of Europe - Venice Commission}},
file = {:Users/micho/Dropbox/tesis-pdfs/comision\_venecia.pdf:pdf},
number = {190},
pages = {5--6},
title = {{Code of Good Practice in Electoral Matters}},
url = {http://www.venice.coe.int/webforms/documents/?pdf=CDL-AD(2002)023-e},
year = {2002}
}
@article{Foster2004,
author = {Foster, David and Stapleton, Laura},
file = {:Users/micho/Dropbox/tesis-pdfs/Secure Remote Electronic Voting.pdf:pdf},
title = {{Secure Remote Electronic Voting}},
year = {2004}
}
@article{Benoist2007,
author = {Benoist, Emmanuel and Anrig, Bernhard},
file = {:Users/micho/Dropbox/tesis-pdfs/chp\%3A10.1007\%2F978-3-540-77493-8\_3.pdf:pdf},
pages = {29--37},
title = {{Internet-Voting : Opportunity or Threat for Democracy ?}},
year = {2007}
}
@book{Weber,
author = {Weber, Stefan G},
file = {:Users/micho/Dropbox/tesis-pdfs/Weber08ExtendedAbstract.pdf:pdf},
pages = {2--5},
title = {{Coercion-Resistant Cryptographic Voting : Implementing Free and Secret Electronic Elections}},
year = {2008}
}
@misc{ISO/IEC2011,
author = {ISO/IEC},
title = {{ISO/IEC 25010 - Systems and software engineering - Systems and software Quality Requirements and Evaluation (SQuaRE) - System and software quality models}},
year = {2011}
}
@article{Bederson2003,
author = {Bederson, Benjamin B and Herrnson, Paul S and Niemi, Richard G and Park, College},
file = {:Users/micho/Dropbox/tesis-pdfs/Electronic Voting System Usability Issues.pdf:pdf},
isbn = {1581136307},
keywords = {2000 elections by commissioning,and,election administration,in some,redesigning ballots,revamping,states have responded to,studies,the,the problems associated with},
number = {5},
pages = {145--152},
title = {{Electronic Voting System Usability Issues}},
year = {2003}
}
@article{Yumeng2012,
author = {Yumeng, Feng and Liye, Tian and Fanbao, Liu and Chong, Gan},
doi = {10.1109/ICICEE.2012.242},
file = {:Users/micho/Dropbox/tesis-pdfs/06322531.pdf:pdf},
isbn = {978-1-4673-1450-3},
journal = {2012 International Conference on Industrial Control and Electronics Engineering},
keywords = {-electronic voting,homomor-,mixnet,taxonomy},
month = aug,
pages = {912--917},
publisher = {Ieee},
title = {{Electronic Voting: A Review and Taxonomy}},
url = {http://ieeexplore.ieee.org/lpdocs/epic03/wrapper.htm?arnumber=6322531},
year = {2012}
}
@incollection{Lodderstedt2002,
author = {Lodderstedt, Torsten and Basin, David and Doser, J\"{u}rgen},
booktitle = {≪UML≫ 2002 — The Unified Modeling Language SE  - 33},
doi = {10.1007/3-540-45800-X\_33},
editor = {J\'{e}z\'{e}quel, Jean-Marc and Hussmann, Heinrich and Cook, Stephen},
isbn = {978-3-540-44254-7},
language = {English},
pages = {426--441},
publisher = {Springer Berlin Heidelberg},
series = {Lecture Notes in Computer Science},
title = {{SecureUML: A UML-Based Modeling Language for Model-Driven Security}},
url = {http://dx.doi.org/10.1007/3-540-45800-X\_33},
volume = {2460},
year = {2002}
}
@article{Al-Shammari2012,
author = {Al-Shammari, Ali Fawzi Najm and Villafiorita, Adolfo and Weldemariam, Komminist},
doi = {10.1109/ARES.2012.76},
file = {:Users/micho/Dropbox/tesis-pdfs/Understanding the Development Trends of Electronic Voting Systems.pdf:pdf},
isbn = {978-1-4673-2244-7},
journal = {2012 Seventh International Conference on Availability, Reliability and Security},
keywords = {-e-voting,because these,certification,evaluation and,formal analysis,i,nterest in e- voting,process models,requirements,s ystems,security,the simple answer to,this question is,vote verification,w hy the i},
month = aug,
pages = {186--195},
publisher = {Ieee},
title = {{Understanding the Development Trends of Electronic Voting Systems}},
url = {http://ieeexplore.ieee.org/lpdocs/epic03/wrapper.htm?arnumber=6329181},
year = {2012}
}
@incollection{Bernhard2013,
author = {Bernhard, David and Neumann, Stephan and Volkamer, Melanie},
booktitle = {E-Voting and Identify SE  - 11},
doi = {10.1007/978-3-642-39185-9\_11},
editor = {Heather, James and Schneider, Steve and Teague, Vanessa},
isbn = {978-3-642-39184-2},
keywords = {Distributed Key Generation,Malleable Proofs,Performance},
pages = {176--192},
publisher = {Springer Berlin Heidelberg},
series = {Lecture Notes in Computer Science},
title = {{Towards a Practical Cryptographic Voting Scheme Based on Malleable Proofs}},
url = {http://dx.doi.org/10.1007/978-3-642-39185-9\_11},
volume = {7985},
year = {2013}
}
@article{Bjørstad2013,
author = {Bj\o rstad, Tor E},
file = {:Users/micho/Dropbox/tesis-pdfs/eValg\_Rapport\_Kildekodegjennomgang.pdf:pdf},
title = {{Technical report Source code audit of Norwegian electronic voting system Ministry of Local Government and Regional Development}},
year = {2013}
}
@article{Langer2010,
author = {Langer, Lucie and Schmidt, Axel and Buchmann, Johannes and Volkamer, Melanie and Stolfik, Alexander},
file = {:Users/micho/Dropbox/tesis-pdfs/Towards a Framework on the Security Requirements for Electronic Voting Protocols.pdf:pdf},
isbn = {9780769541006},
keywords = {-electronic voting,adver-,security requirements},
title = {{Towards a Framework on the Security Requirements for Electronic Voting Protocols}},
year = {2010}
}
@incollection{Ikonomopoulos2002,
author = {Ikonomopoulos, Spyros and Lambrinoudakis, Costas and Gritzalis, Dimitris and Kokolakis, Spyros and Vassiliou, Kostas},
booktitle = {Security in the Information Society SE - 40},
doi = {10.1007/978-0-387-35586-3\_40},
editor = {Ghonaimy, M.Adeeb and El-Hadidi, MahmoudT. and Aslan, HebaK.},
file = {:Users/micho/Dropbox/tesis-pdfs/paper4.pdf:pdf},
isbn = {978-1-4757-1026-7},
keywords = {Electronic Voting,Privacy,Rational Unified Process,Security,Unified Modelling Language,User Requirements,Voting Model},
language = {English},
pages = {507--519},
publisher = {Springer US},
series = {IFIP Advances in Information and Communication Technology},
title = {{Functional Requirements for a Secure Electronic Voting System}},
url = {http://dx.doi.org/10.1007/978-0-387-35586-3\_40},
volume = {86},
year = {2002}
}
@article{Lundin2010,
author = {Lundin, David},
file = {:Users/micho/Dropbox/tesis-pdfs/chp\%3A10.1007\%2F978-3-642-12980-3\_16.pdf:pdf},
pages = {260--273},
title = {{Component Based Electronic Voting Systems}},
year = {2010}
}
@book{I.JacobsonG.Booch,
author = {Jacobson, I. and Booch, G. and Rumbaugh, J.},
publisher = {Addison Wesley},
title = {{The Unified Software Development Process}},
year = {1999}
}
@book{Ryan2010,
address = {London},
author = {Ryan, Peter Y A},
doi = {10.1007/978-1-84882-736-3},
editor = {Boca, Paul and Bowen, Jonathan P. and Siddiqi, Jawed},
file = {:Users/micho/Dropbox/tesis-pdfs/chp\%3A10.1007\%2F978-1-84882-736-3\_5.pdf:pdf},
isbn = {978-1-84882-735-6},
publisher = {Springer London},
title = {{Formal Methods: State of the Art and New Directions}},
url = {http://link.springer.com/10.1007/978-1-84882-736-3},
year = {2010}
}
@article{Budgen2007,
author = {Budgen, David and Turner, Mark and Brereton, Pearl and Kitchenham, Barbara},
file = {:Users/micho/Dropbox/tesis-pdfs/20th-budgen.pdf:pdf},
title = {{Using Mapping Studies in Software Engineering}},
volume = {2},
year = {2007}
}
@incollection{Hinz2003,
author = {Hinz, Veronika and Suksi, Markku},
booktitle = {Election Elements: On the International Standards of Electoral Participation},
editor = {{Institute for Human Rights}, Abo and {Akademi University}, Turku/Abo},
pages = {1--42},
title = {{The Electoral Cycle: On the Right to Participate in the Electoral Process}},
year = {2003}
}
@incollection{Kiayias2013,
author = {Kiayias, Aggelos and Orfanou, Anthi},
booktitle = {E-Voting and Identify SE  - 1},
doi = {10.1007/978-3-642-39185-9\_1},
editor = {Heather, James and Schneider, Steve and Teague, Vanessa},
isbn = {978-3-642-39184-2},
keywords = {Electronic voting,elections integrity,visual cryptography},
pages = {1--24},
publisher = {Springer Berlin Heidelberg},
series = {Lecture Notes in Computer Science},
title = {{Scaling Privacy Guarantees in Code-Verification Elections}},
url = {http://dx.doi.org/10.1007/978-3-642-39185-9\_1},
volume = {7985},
year = {2013}
}
@inproceedings{Yasinsac2013,
author = {Yasinsac, Alec},
booktitle = {LNCS 8263 - Security Protocols XXI},
title = {{Independent Computations for Safe Remote Electronic Voting}},
year = {2013}
}
